@article{cite_label1 ,
   title={耐克与阿迪达斯的品牌战略分析},
   organ={中外鞋业},
   source={中外鞋业},
   year={2019},
   keywords={阿迪达斯;体育用品;品牌战略},
   abstract={<正>耐克与阿迪达斯这两家著名运动品牌公司,在市场上的激烈的竞争维持了许多年,这场没有硝烟的战争中没有输家,而两家的品牌战略分析,也成为了整个行业膜拜与观察的对象。两只独角兽的品牌战略品牌战略是关系到品牌未来发展的最关键问题,每一个体育相关产业的公司在进行决策前都会进行仔细斟酌。今天,我们通过案例分析,对比研究耐克与阿迪达斯。},
   isbn/issn={2096-3793},
   databaseprovider={cnki},
}

1
1
1
@article{cite_label2 ,
   title={Nike品牌战略的浅析},
   author={于志杰},
   authoraddress={北京工商大学},
   year={2017},
   keywords={品牌战略;产品创新;品牌营销;},
   abstract={文章通过对耐克公司品牌战略研究,以期找到其成功发展品牌的方法。Nike以虚拟化生产为主要手段,把其重点放在产品的研究创新和品牌的营销扩张上。此外耐克还采用了情感营销的策略,成功成为体育运动行业领跑者。耐克通过产品不仅表现出其企业的精神,更表达出了体育的精神。所以我们国内体育运动品牌要从中学习进而发展自身。 },
   isbn/issn={1005-6432},
   databaseprovider={cnki},
}

1
1
1
@article{cite_labe3l ,
   title={元宇宙作为媒介：传播的“复得”与“复失”},
   author={胡泳;刘纯懿;},
   authoraddress={北京大学新闻与传播学院;},
   journal={新闻界},
   pages={1-15},
   keywords={元宇宙;元媒介;元传播},
   abstract={元宇宙预示了数字革命序列中新一轮的技术创新和网络整合,在昭示着互联网产业大变局之时,也同时宣告着对传播领域的重塑和搅动。虽然“元媒介”的概念先于元宇宙而存在,但它却准确预言了在数字时代新旧媒介相互构成、相互塑造、相互依托的辩证关系,基于这种辩证关系,元宇宙正在加固一种“对传播的传播”,即“元传播”的过程。于是,作为元媒介和元传播的元宇宙体系以其内在机制和技术特征为数字时代的传播召回了语境与共识、声音与言语,同时显影出此前为我们所忽视的媒介的自反性与基础设施特性。与此同时,元宇宙也以去身体、去真实、去开放和去隐私,警告着传播在这场变革中所面临的风险和危机。},
   isbn/issn={1007-2438},
   notes={51-1046/g2},
   url={https},
   doi={10.15897/j.cnki.cn51-1046/g2.20211228.002},
   databaseprovider={cnki},
}

1
1
1
@article{cite_label4 ,
   title={耐克与roblox合作，打造名为“耐克乐园”的虚拟世界},
   journal={国际品牌观察},
   year={2021},
   {number}={36},
   pages={10},
   keywords={roblox;},
   abstract={<正>2021年11月19日,来源cnbc11月18日,耐克宣布正在与roblox合作,将在roblox的在线游戏平台上打造一个名为"耐克乐园"(nikeland)的虚拟世界,成为体育用品巨头跨入元宇宙的一个标志。虚拟世界包括耐克建筑、场地和竞技场,玩家可以在里面参加各种迷你游戏,比如"tag""dodgeball"和"thefloorislava"。耐克乐园以真实的公司总部为蓝本,目前对用户免费开放。},
   isbn/issn={1674-9863},
   notes={11-5938/f},
   databaseprovider={cnki},
}

1
1
1
@article{cite_label5 ,
   title={公关危机的处理与防范},
   author={李卫华;},
   journal={管理科学文摘},
   year={2004},
   {number}={06},
   pages={27-29},
   keywords={公关手段;公关危机;新闻界;事实真相;},
   isbn/issn={1002-7106},
   notes={11-2356/g3},
   databaseprovider={cnki},
}

1
1
1
@article{cite_label6 ,
   title={新媒体视角下j公司危机公关策略研究},
   author={陈籽伉},
   tertiaryauthor={李敏;攸胜},
   publisher={西北农林科技大学},
   typeofwork={硕士},
   year={2020},
   keywords={新媒体;企业;危机公关;策略},
   abstract={新媒体时代下企业危机公关和传统媒体环境下的危机公关存在很大区别},
   doi={10.27409/d.cnki.gxbnu.2020.000292},
   databaseprovider={cnki},
}
@article{cite_label7 ,
   title={基于产品生命周期的市场领导者扩张战略选择},
   author={谢力宁},
   authoraddress={淮海工学院 江苏连云港222001},
   publisher={经济师},
   year={2006},
   keywords={市场领导者;扩张战略;市场辐射;保龄球道模型;产品生命周期},
   abstract={文章概括了市场领导者的能力特征;提出基于安索夫矩阵的扩张战略;分析了基于产品生命周期的市场领导者扩张战略及其风险。},
   isbn/issn={1004-4914},
   notes={14-1069/f},
   databaseprovider={cnki},
}

1
1
1
@article{cite_label8 ,
   title={隐形冠军发展天花板的多元化突破——从“安索夫矩阵”得到的启示},
   author={尚林},
   authoraddress={天津商业大学},
   publisher={工业技术经济},
   year={2012},
   keywords={隐形冠军;安索夫矩阵;相关多元化;核心竞争力},
   abstract={隐形冠军企业在成立初期依靠准确的市场定位和高度专业化在某一细分市场中占有绝对的领导地位。但随着市场透明度的提高,产品生命周期的缩短,隐形冠军面临愈发激烈的竞争,其发展空间受到压制。依据"安索夫矩阵"中企业多元化发展战略,隐形冠军只有培养自身核心能力,执行行业跨度小的相关多元化战略,开发市场前景广阔的产品,才能实现成功突围。},
   isbn/issn={1004-910X},
   notes={22-1129/T},
   databaseprovider={cnki},
}

1
1
1
@misc{TP-toolbox-web,


   title = {CSIMartet},

   howpublished = {\url{https://www.csimarket.com}}

}
@misc{TP-toolbox-web2,


   title = {Macrotrends - The Premier Research Platform for Long Term Investors},
   howpublished = {\par\url{https://www.macrotrends.net/}}

}
@misc{TP-toolbox-web3,


   title = {Statista},

   howpublished = {\url{https://www.statista.com/}}

}
@misc{RN08,

   title = {NIKE, Inc. Reports Fiscal 2021 Fourth Quarter and Full Year Results},

   howpublished = {\par\url{ https://news.nike.com/news/}},
   
}
@misc{RN018,

   title = {Nike Strategic Analysis},

   howpublished = {\par\url{ https://notesmatic.com/nike-strategic-analysis/}},
   
}
